@article{radford2015unsupervised,
  title={Unsupervised representation learning with deep convolutional generative adversarial networks},
  author={Radford, Alec and Metz, Luke and Chintala, Soumith},
  journal={arXiv preprint arXiv:1511.06434},
  year={2015}
}

@article{ledig2016photo,
  title={Photo-realistic single image super-resolution using a generative adversarial network},
  author={Ledig, Christian and Theis, Lucas and Husz{\'a}r, Ferenc and Caballero, Jose and Cunningham, Andrew and Acosta, Alejandro and Aitken, Andrew and Tejani, Alykhan and Totz, Johannes and Wang, Zehan and others},
  journal={arXiv preprint arXiv:1609.04802},
  year={2016}
}

@article{reed2016generative,
  title={Generative adversarial text to image synthesis},
  author={Reed, Scott and Akata, Zeynep and Yan, Xinchen and Logeswaran, Lajanugen and Schiele, Bernt and Lee, Honglak},
  journal={arXiv preprint arXiv:1605.05396},
  year={2016}
}

@article{isola2016image,
  title={Image-to-image translation with conditional adversarial networks},
  author={Isola, Phillip and Zhu, Jun-Yan and Zhou, Tinghui and Efros, Alexei A},
  journal={arXiv preprint arXiv:1611.07004},
  year={2016}
}

@article{kim2017learning,
  title={Learning to discover cross-domain relations with generative adversarial networks},
  author={Kim, Taeksoo and Cha, Moonsu and Kim, Hyunsoo and Lee, Jungkwon and Kim, Jiwon},
  journal={arXiv preprint arXiv:1703.05192},
  year={2017}
}

@article{zhu2017unpaired,
  title={Unpaired image-to-image translation using cycle-consistent adversarial networks},
  author={Zhu, Jun-Yan and Park, Taesung and Isola, Phillip and Efros, Alexei A},
  journal={arXiv preprint arXiv:1703.10593},
  year={2017}
}

@article{goodfellow2016nips,
  title={NIPS 2016 tutorial: Generative adversarial networks},
  author={Goodfellow, Ian},
  journal={arXiv preprint arXiv:1701.00160},
  year={2016}
}

@inproceedings{nowozin2016f,
  title={f-gan: Training generative neural samplers using variational divergence minimization},
  author={Nowozin, Sebastian and Cseke, Botond and Tomioka, Ryota},
  booktitle={Advances in Neural Information Processing Systems},
  pages={271--279},
  year={2016}
}

@article{arjovsky2017wasserstein,
  title={Wasserstein gan},
  author={Arjovsky, Martin and Chintala, Soumith and Bottou, L{\'e}on},
  journal={arXiv preprint arXiv:1701.07875},
  year={2017}
}

@article{mao2016least,
  title={Least squares generative adversarial networks},
  author={Mao, Xudong and Li, Qing and Xie, Haoran and Lau, Raymond YK and Wang, Zhen and Smolley, Stephen Paul},
  journal={arXiv preprint ArXiv:1611.04076},
  year={2016}
}

@article{mroueh2017mcgan,
  title={McGan: Mean and Covariance Feature Matching GAN},
  author={Mroueh, Youssef and Sercu, Tom and Goel, Vaibhava},
  journal={arXiv preprint arXiv:1702.08398},
  year={2017}
}

@article{kleesiek2016deep,
  title={Deep MRI brain extraction: a 3D convolutional neural network for skull stripping},
  author={Kleesiek, Jens and Urban, Gregor and Hubert, Alexander and Schwarz, Daniel and Maier-Hein, Klaus and Bendszus, Martin and Biller, Armin},
  journal={NeuroImage},
  volume={129},
  pages={460--469},
  year={2016},
  publisher={Elsevier}
}

@article{cole2017predicting,
  title={Predicting brain age with deep learning from raw imaging data results in a reliable and heritable biomarker},
  author={Cole, James H and Poudel, Rudra PK and Tsagkrasoulis, Dimosthenis and Caan, Matthan WA and Steves, Claire and Spector, Tim D and Montana, Giovanni},
  journal={NeuroImage},
  volume={163},
  pages={115--124},
  year={2017},
  publisher={Elsevier}
}

@article{kamnitsas2017efficient,
  title={Efficient multi-scale 3D CNN with fully connected CRF for accurate brain lesion segmentation},
  author={Kamnitsas, Konstantinos and Ledig, Christian and Newcombe, Virginia FJ and Simpson, Joanna P and Kane, Andrew D and Menon, David K and Rueckert, Daniel and Glocker, Ben},
  journal={Medical image analysis},
  volume={36},
  pages={61--78},
  year={2017},
  publisher={Elsevier}
}

@article{payan2015predicting,
  title={Predicting Alzheimer's disease: a neuroimaging study with 3D convolutional neural networks},
  author={Payan, Adrien and Montana, Giovanni},
  journal={arXiv preprint arXiv:1502.02506},
  year={2015}
}

@article{sarraf2016deepad,
  title={DeepAD: Alzheimer′ s Disease Classification via Deep Convolutional Neural Networks using MRI and fMRI},
  author={Sarraf, Saman and Tofighi, Ghassem and others},
  journal={bioRxiv},
  pages={070441},
  year={2016},
  publisher={Cold Spring Harbor Labs Journals}
}

@article{DBLP:journals/corr/IoffeS15,
  author    = {Sergey Ioffe and
               Christian Szegedy},
  title     = {Batch Normalization: Accelerating Deep Network Training by Reducing
               Internal Covariate Shift},
  journal   = {CoRR},
  volume    = {abs/1502.03167},
  year      = {2015},
  url       = {http://arxiv.org/abs/1502.03167},
  archivePrefix = {arXiv},
  eprint    = {1502.03167},
  timestamp = {Wed, 07 Jun 2017 14:40:49 +0200},
  biburl    = {http://dblp.org/rec/bib/journals/corr/IoffeS15},
  bibsource = {dblp computer science bibliography, http://dblp.org}
}

@article{maaten2008visualizing,
  title={Visualizing data using t-SNE},
  author={Maaten, Laurens van der and Hinton, Geoffrey},
  journal={Journal of Machine Learning Research},
  volume={9},
  number={Nov},
  pages={2579--2605},
  year={2008}
}

@article{chalavi2012quantitative,
  title={Quantitative and qualitative assessment of structural magnetic resonance imaging data in a two-center study},
  author={Chalavi, Sima and Simmons, Andrew and Dijkstra, Hildebrand and Barker, Gareth J and Reinders, AAT Simone},
  journal={BMC medical imaging},
  volume={12},
  number={1},
  pages={27},
  year={2012},
  publisher={BioMed Central}
}


@article{kostro2014correction,
  title={Correction of inter-scanner and within-subject variance in structural MRI based automated diagnosing},
  author={Kostro, Daniel and Abdulkadir, Ahmed and Durr, Alexandra and Roos, Raymund and Leavitt, Blair R and Johnson, Hans and Cash, David and Tabrizi, Sarah J and Scahill, Rachael I and Ronneberger, Olaf and others},
  journal={NeuroImage},
  volume={98},
  pages={405--415},
  year={2014},
  publisher={Elsevier}
}

@article{magnin2009support,
  title={Support vector machine-based classification of Alzheimer’s disease from whole-brain anatomical MRI},
  author={Magnin, Beno{\^\i}t and Mesrob, Lilia and Kinkingn{\'e}hun, Serge and P{\'e}l{\'e}grini-Issac, M{\'e}lanie and Colliot, Olivier and Sarazin, Marie and Dubois, Bruno and Leh{\'e}ricy, St{\'e}phane and Benali, Habib},
  journal={Neuroradiology},
  volume={51},
  number={2},
  pages={73--83},
  year={2009},
  publisher={Springer}
}

@inproceedings{jongkreangkrai2016computer,
  title={Computer-aided classification of Alzheimer's disease based on support vector machine with combination of cerebral image features in MRI},
  author={Jongkreangkrai, C and Vichianin, Y and Tocharoenchai, C and Arimura, H and Alzheimer's Disease Neuroimaging Initiative and others},
  booktitle={Journal of Physics: Conference Series},
  volume={694},
  number={1},
  pages={012036},
  year={2016},
  organization={IOP Publishing}
}

@article{sacchet2015support,
  title={Support vector machine classification of major depressive disorder using diffusion-weighted neuroimaging and graph theory},
  author={Sacchet, Matthew D and Prasad, Gautam and Foland-Ross, Lara C and Thompson, Paul M and Gotlib, Ian H},
  journal={Frontiers in psychiatry},
  volume={6},
  year={2015},
  publisher={Frontiers Media SA}
}

@article{rao2017predictive,
  title={Predictive modelling using neuroimaging data in the presence of confounds},
  author={Rao, Anil and Monteiro, Joao M and Mourao-Miranda, Janaina and Alzheimer's Disease Initiative and others},
  journal={NeuroImage},
  volume={150},
  pages={23--49},
  year={2017},
  publisher={Elsevier}
}

@inproceedings{glorot2010understanding,
  title={Understanding the difficulty of training deep feedforward neural networks},
  author={Glorot, Xavier and Bengio, Yoshua},
  booktitle={Proceedings of the Thirteenth International Conference on Artificial Intelligence and Statistics},
  pages={249--256},
  year={2010}
}

@article{kingma2014adam,
  title={Adam: A method for stochastic optimization},
  author={Kingma, Diederik and Ba, Jimmy},
  journal={arXiv preprint arXiv:1412.6980},
  year={2014}
}

@article{plis2014deep,
  title={Deep learning for neuroimaging: a validation study},
  author={Plis, Sergey M and Hjelm, Devon R and Salakhutdinov, Ruslan and Allen, Elena A and Bockholt, Henry J and Long, Jeffrey D and Johnson, Hans J and Paulsen, Jane S and Turner, Jessica A and Calhoun, Vince D},
  journal={Frontiers in neuroscience},
  volume={8},
  year={2014},
  publisher={Frontiers Media SA}
}

@article{ruigrok2014meta,
  title={A meta-analysis of sex differences in human brain structure},
  author={Ruigrok, Amber NV and Salimi-Khorshidi, Gholamreza and Lai, Meng-Chuan and Baron-Cohen, Simon and Lombardo, Michael V and Tait, Roger J and Suckling, John},
  journal={Neuroscience \& Biobehavioral Reviews},
  volume={39},
  pages={34--50},
  year={2014},
  publisher={Elsevier}
}

@article{poldrack2014making,
  title={Making big data open: data sharing in neuroimaging},
  author={Poldrack, Russell A and Gorgolewski, Krzysztof J},
  journal={Nature neuroscience},
  volume={17},
  number={11},
  pages={1510--1517},
  year={2014},
  publisher={Nature Research}
}

@article{gunter2009measurement,
  title={Measurement of MRI scanner performance with the ADNI phantom},
  author={Gunter, Jeffrey L and Bernstein, Matt A and Borowski, Brett J and Ward, Chadwick P and Britson, Paula J and Felmlee, Joel P and Schuff, Norbert and Weiner, Michael and Jack, Clifford R},
  journal={Medical physics},
  volume={36},
  number={6},
  pages={2193--2205},
  year={2009},
  publisher={Wiley Online Library}
}

@article{dukart2011age,
  title={Age correction in dementia--matching to a healthy brain},
  author={Dukart, Juergen and Schroeter, Matthias L and Mueller, Karsten and Alzheimer's Disease Neuroimaging Initiative and others},
  journal={PloS one},
  volume={6},
  number={7},
  pages={e22193},
  year={2011},
  publisher={Public Library of Science}
}

@article{winterburn2017can,
  title={Can we accurately classify schizophrenia patients from healthy controls using magnetic resonance imaging and machine learning? A multi-method and multi-dataset study},
  author={Winterburn, Julie L and Voineskos, Aristotle N and Devenyi, Gabriel A and Plitman, Eric and de la Fuente-Sandoval, Camilo and Bhagwat, Nikhil and Graff-Guerrero, Ariel and Knight, Jo and Chakravarty, M Mallar},
  journal={Schizophrenia research},
  year={2017},
  publisher={Elsevier}
}

@article{schnack2016detecting,
  title={Detecting neuroimaging biomarkers for psychiatric disorders: sample size matters},
  author={Schnack, Hugo G and Kahn, Ren{\'e} S},
  journal={Frontiers in psychiatry},
  volume={7},
  pages={50},
  year={2016},
  publisher={Frontiers}
}


@article{davatzikos2005whole,
  title={Whole-brain morphometric study of schizophrenia revealing a spatially complex set of focal abnormalities},
  author={Davatzikos, Christos and Shen, Dinggang and Gur, Ruben C and Wu, Xiaoying and Liu, Dengfeng and Fan, Yong and Hughett, Paul and Turetsky, Bruce I and Gur, Raquel E},
  journal={Archives of general psychiatry},
  volume={62},
  number={11},
  pages={1218--1227},
  year={2005},
  publisher={American Medical Association}
}

@article{koutsouleris2009use,
  title={Use of neuroanatomical pattern classification to identify subjects in at-risk mental states of psychosis and predict disease transition},
  author={Koutsouleris, Nikolaos and Meisenzahl, Eva M and Davatzikos, Christos and Bottlender, Ronald and Frodl, Thomas and Scheuerecker, Johanna and Schmitt, Gisela and Zetzsche, Thomas and Decker, Petra and Reiser, Maximilian and others},
  journal={Archives of general psychiatry},
  volume={66},
  number={7},
  pages={700--712},
  year={2009},
  publisher={American Medical Association}
}

@article{zhang2014heterogeneity,
  title={Heterogeneity of structural brain changes in subtypes of schizophrenia revealed using magnetic resonance imaging pattern analysis},
  author={Zhang, Tianhao and Koutsouleris, Nikolaos and Meisenzahl, Eva and Davatzikos, Christos},
  journal={Schizophrenia bulletin},
  volume={41},
  number={1},
  pages={74--84},
  year={2014},
  publisher={Oxford University Press US}
}

@article{kambeitz2015detecting,
  title={Detecting neuroimaging biomarkers for schizophrenia: a meta-analysis of multivariate pattern recognition studies},
  author={Kambeitz, Joseph and Kambeitz-Ilankovic, Lana and Leucht, Stefan and Wood, Stephen and Davatzikos, Christos and Malchow, Berend and Falkai, Peter and Koutsouleris, Nikolaos},
  journal={Neuropsychopharmacology},
  volume={40},
  number={7},
  pages={1742},
  year={2015},
  publisher={Nature Publishing Group}
}

@article{ruigrok2014meta,
  title={A meta-analysis of sex differences in human brain structure},
  author={Ruigrok, Amber NV and Salimi-Khorshidi, Gholamreza and Lai, Meng-Chuan and Baron-Cohen, Simon and Lombardo, Michael V and Tait, Roger J and Suckling, John},
  journal={Neuroscience \& Biobehavioral Reviews},
  volume={39},
  pages={34--50},
  year={2014},
  publisher={Elsevier}
}

@article{mourao2005classifying,
  title={Classifying brain states and determining the discriminating activation patterns: support vector machine on functional MRI data},
  author={Mourao-Miranda, Janaina and Bokde, Arun LW and Born, Christine and Hampel, Harald and Stetter, Martin},
  journal={NeuroImage},
  volume={28},
  number={4},
  pages={980--995},
  year={2005},
  publisher={Elsevier}
}

@article{mourao2012individualized,
  title={Individualized prediction of illness course at the first psychotic episode: a support vector machine MRI study},
  author={Mourao-Miranda, J and Reinders, AATS and Rocha-Rego, V and Lappin, J and Rondina, J and Morgan, Craig and Morgan, Kevin D and Fearon, Paul and Jones, Peter B and Doody, Gillian A and others},
  journal={Psychological medicine},
  volume={42},
  number={5},
  pages={1037--1047},
  year={2012},
  publisher={Cambridge University Press}
}

@techreport{first2002structured,
  title={Structured clinical interview for DSM-IV-TR axis I disorders, research version, patient edition},
  author={First, Michael B and Spitzer, Robert L and Gibbon, Miriam and Williams, Janet BW and others},
  year={2002},
  institution={SCID-I/P}
}

@article{hergueta1998mini,
  title={The Mini-International Neuropsychiatric Interview (MINI): the development and validation of a structured diagnostic psychiatric interview for DSM-IVand ICD-10},
  author={Hergueta, Thierry and Baker, Roxy and Dunbar, Geoffrey C},
  journal={J clin psychiatry},
  volume={59},
  number={Suppl 20},
  pages={2233},
  year={1998}
}

@article{ashburner2007fast,
  title={A fast diffeomorphic image registration algorithm},
  author={Ashburner, John},
  journal={Neuroimage},
  volume={38},
  number={1},
  pages={95--113},
  year={2007},
  publisher={Elsevier}
}

@article{ashburner2009computing,
  title={Computing average shaped tissue probability templates},
  author={Ashburner, John and Friston, Karl J},
  journal={Neuroimage},
  volume={45},
  number={2},
  pages={333--341},
  year={2009},
  publisher={Elsevier}
}

@article{ashburner2000voxel,
  title={Voxel-based morphometry—the methods},
  author={Ashburner, John and Friston, Karl J},
  journal={Neuroimage},
  volume={11},
  number={6},
  pages={805--821},
  year={2000},
  publisher={Elsevier}
}

@article{good2001cerebral,
  title={Cerebral asymmetry and the effects of sex and handedness on brain structure: a voxel-based morphometric analysis of 465 normal adult human brains},
  author={Good, Catriona D and Johnsrude, Ingrid and Ashburner, John and Henson, Richard NA and Friston, Karl J and Frackowiak, Richard SJ},
  journal={Neuroimage},
  volume={14},
  number={3},
  pages={685--700},
  year={2001},
  publisher={Elsevier}
}

@article{mechelli2005structural,
  title={Structural covariance in the human cortex},
  author={Mechelli, Andrea and Friston, Karl J and Frackowiak, Richard S and Price, Cathy J},
  journal={Journal of Neuroscience},
  volume={25},
  number={36},
  pages={8303--8310},
  year={2005},
  publisher={Soc Neuroscience}
}

@article{yassa2009quantitative,
  title={A quantitative evaluation of cross-participant registration techniques for MRI studies of the medial temporal lobe},
  author={Yassa, Michael A and Stark, Craig EL},
  journal={Neuroimage},
  volume={44},
  number={2},
  pages={319--327},
  year={2009},
  publisher={Elsevier}
}


@article{gonzalez2016review,
  title={A review on brain structures segmentation in magnetic resonance imaging},
  author={Gonz{\'a}lez-Vill{\`a}, Sandra and Oliver, Arnau and Valverde, Sergi and Wang, Liping and Zwiggelaar, Reyer and Llad{\'o}, Xavier},
  journal={Artificial intelligence in medicine},
  volume={73},
  pages={45--69},
  year={2016},
  publisher={Elsevier}
}

@inproceedings{wu2016learning,
  title={Learning a probabilistic latent space of object shapes via 3d generative-adversarial modeling},
  author={Wu, Jiajun and Zhang, Chengkai and Xue, Tianfan and Freeman, Bill and Tenenbaum, Josh},
  booktitle={Advances in Neural Information Processing Systems},
  pages={82--90},
  year={2016}
}










